@book{cmb,
	author={C. M. Bishop},
	title={Pattern Recognition and Machine Learning},
	publisher={Springer},
	year={2006},
	address={New York, NY},
}

@book{gbc,
    title={Deep Learning},
    author={Ian Goodfellow and Yoshua Bengio and Aaron Courville},
    publisher={MIT Press},
    note={http://www.deeplearningbook.org},
    year={2016},
}

@book{sr,
    title={Python Machine Learning},
    author={Sebastian Raschka and Vahid Mirjalili},
    publisher={Packt},
	address={Birmingham},
    year={2019},
}

@book{dds,
    title={Data Driven Science \& Engineering: Machine Learning, Dynamical Systems, and Control},
    author={Steven L. Brunton and J. Nathan Kutz},
    publisher={Brunton \& Kutz},
	address={Seattle, WA},
    year={2018},
}

@misc{morten,
     author = {Morten Hjort-Jensen},
     title = {Week 40: Neural Networks},
     howpublished = {On the WWW},
     month = {October},
     year = {2022},
     note = {URL \verb+https://compphysics.github.io/MachineLearning/doc/pub/week40/html/week40.html+},
}







@book{hastie,
    title={The Elements of Statistical Learning},
    author={Trevor Hastie and Robert Tibshirani and Jerome Friedman},
    publisher={Springer},
	address={New Nork, NY},
    year={2009},
}

@book{dip,
    title={Digital Image Processing},
    author={Rafael C. Gonzales and Richard E. Woods},
    publisher={Pearson},
	address={New Nork, NY},
    year={2018},
}

@book{linreg,
    title={Regression Models, Methods and Applications},
    author={Ludwig Fahrmeir and Thomas Kneib and Stefan Lang and Brian Marx},
    publisher={Springer},
	address={London},
    year={2013},
}

@techreport{franke,
     author = {Richard Franke},
     title = {A Critical Comparison of Some Methods for Interpolation of Scattered Data},
     institution =
"Naval Postgraduate School",
     year = "1979",
     type = "Progress
report",
     address = "Monterey, {CA}",
}

@misc{LLN,
     author = "Richard Routledge",
     title 
= "Miscellaneous {Law of Large Numbers}",
     howpublished = "On the WWW",
     month =
"Sep",
     year = "2022",
     note = "URL
\verb+https://www.britannica.com/science/law-of-large-numbers+"}

@misc{CLT,
     author = "Hossein Pishro-Nik",
     title 
= "Miscellaneous {Introduction to Probability, Statistics, and Random Processes}",
     howpublished = "On the WWW",
     month =
"July",
     year = "2014",
     note = "URL
\verb+https://www.probabilitycourse.com/chapter7/7_1_2_central_limit_theorem.php+"}

